@article{bivalency,
  title={A simple bivalency proof that t-resilient consensus requires t+ 1 rounds},
  author={Aguilera, Marcos Kawazoe and Toueg, Sam},
  journal={Information Processing Letters},
  volume={71},
  number={3},
  pages={155--158},
  year={1999},
  publisher={Elsevier}
}

@techreport{jansen2011shadow,
  title={Shadow: Running Tor in a box for accurate and efficient experimentation},
  author={Jansen, Rob and Hooper, Nicholas},
  year={2011},
  institution={DTIC Document}
}

@article{cryptolux,
  author    = {Alex Biryukov and
               Dmitry Khovratovich and
               Ivan Pustogarov},
  title     = {Deanonymisation of clients in Bitcoin {P2P} network},
  journal   = {CoRR},
  year      = {2014},
  volume    = {abs/1405.7418},
  url       = {http://arxiv.org/abs/1405.7418},
  timestamp = {Thu, 02 Oct 2014 21:42:31 +0200},
  biburl    = {http://dblp.uni-trier.de/rec/bib/journals/corr/BiryukovKP14},
  bibsource = {dblp computer science bibliography, http://dblp.org}
}

@inproceedings{yao82,
 author = {Yao, Andrew Chi-Chih},
 title = {How to Generate and Exchange Secrets},
 booktitle = {Proceedings of the 27th Annual Symposium on Foundations of Computer Science},
 year = {1986},
 pages = {162--167},
}

@incollection{okun2005agreement,
  title={Agreement among unacquainted Byzantine generals},
  author={Okun, Michael},
  booktitle={Distributed Computing},
  pages={499--500},
  year={2005},
  publisher={Springer}
}

@phdthesis{okun2005distributed,
  title={Distributed Computing Among Unacquainted Processors in the Presence of Byzantine Failures},
  author={Okun, Michael},
  year={2005},
  school={Hebrew University of Jerusalem}
}

@inproceedings{sybilpuzzles,
  title={Computational puzzles as sybil defenses},
  author={Borisov, Nikita},
  booktitle={Sixth IEEE International Conference on Peer-to-Peer Computing},
  pages={171--176},
  year={2006},
  organization={IEEE}
}

@article{compositionofagreement,
  title={On the composition of authenticated {Byzantine} agreement},
  author={Lindell, Yehuda and Lysyanskaya, Anna and Rabin, Tal},
  journal={J. ACM},
  volume={53},
  number={6},
  pages={881--917},
  year={2006},
  publisher={ACM}
}



@InProceedings{pricingviaprocessing,
  author =       "Cynthia Dwork and
                  Moni Naor",
  title =        "Pricing via Processing or Combatting Junk Mail",
  pages =        "139--147",
  booktitle =    crypto92name,
  volume =       crypto92vol,
  year =         1993,
  publisher =    cryptopub,
  series =       mylncs,
}

@inproceedings{clientpuzzles,
  title={Client Puzzles: A Cryptographic Countermeasure Against Connection Depletion Attacks.},
  author={Juels, Ari and Brainard, John G.},
  booktitle={NDSS},
  volume={99},
  pages={151--165},
  year={1999}
}

@misc{hashcash,
  title={Hashcash---A denial of service counter-measure},
  author={Back, Adam},
  howpublished={\url{http://www.hashcash.org/papers/hashcash.pdf}},
  year={2002}
}

@inproceedings{provesnottowork,
  title={Proof-of-Work proves not to work},
  author={Laurie, Ben and Clayton, Richard},
  booktitle={Workshop on Economics and Information Security},
  year={2004}
}

@incollection{hirtzikas,
  title={Adaptively secure broadcast},
  author={Hirt, Martin and Zikas, Vassilis},
  booktitle={Advances in Cryptology--EUROCRYPT 2010},
  pages={466--485},
  year={2010},
  publisher={Springer}
}


@article{pseudonyms,
  title={Untraceable electronic mail, return addresses, and digital pseudonyms},
  author={Chaum, David L},
  journal={Comm.\ ACM},
  volume={24},
  number={2},
  pages={84--90},
  year={1981},
  publisher={ACM}
}

@inproceedings{mixminion,
  title={Mixminion: Design of a type III anonymous remailer protocol},
  author={Danezis, George and Dingledine, Roger and Mathewson, Nick},
  booktitle={Security and Privacy, 2003. Proceedings. 2003 Symposium on},
  pages={2--15},
  year={2003},
  organization={IEEE}
}

@inproceedings{adaptivebcast,
  title={Adaptively secure broadcast, revisited},
  author={Garay, Juan A and Katz, Jonathan and Kumaresan, Ranjit and Zhou, Hong-Sheng},
  booktitle=podc11name,
  pages={179--186},
  year={2011},
  organization={ACM}
}

@techreport{garay,
  title={The Bitcoin Backbone Protocol: Analysis and Applications},
  author={Garay, Juan A and Kiayias, Aggelos and Leonardos, Nikos},
  year={2014},
  howpublished={eprint}
}


@techreport{timelock,
  title={Time-lock puzzles and timed-release crypto},
  author={Rivest, Ronald L and Shamir, Adi and Wagner, David A},
  year={1996},
  institution={Massachusetts Institute of Technology}
}

@inproceedings{generically,
  title={Authenticated data structures, generically},
  author={Miller, Andrew and Hicks, Michael and Katz, Jonathan and Shi, Elaine},
  booktitle={Proceedings of the 41st annual ACM SIGPLAN-SIGACT symposium on Principles of programming languages},
  pages={411--424},
  year={2014},
  organization={ACM}
}

@article{generalmodel,
  title={A general model for authenticated data structures},
  author={Martel, Charles and Nuckolls, Glen and Devanbu, Premkumar and Gertz, Michael and Kwong, April and Stubblebine, Stuart G},
  journal={Algorithmica},
  volume={39},
  number={1},
  pages={21--41},
  year={2004},
  publisher={Springer}
}

@article{partialbroadcast,
  title={Byzantine agreement given partial broadcast},
  author={Considine, Jeffrey and Fitzi, Matthias and Franklin, Matthew and Levin, Leonid A and Maurer, Ueli and Metcalf, David},
  journal={Journal of Cryptology},
  volume={18},
  number={3},
  pages={191--217},
  year={2005},
  publisher={Springer}
}

@inproceedings{bgwproof,
  title={A Full Proof of the {BGW} Protocol for Perfectly Secure Multiparty Computation.},
  author={Asharov, Gilad and Lindell, Yehuda},
  booktitle={Electronic Colloq.\ on Comp.\ Complexity (ECCC)},
  year={2011}
}

@inproceedings{krolleconomics,
  title={The Economics of Bitcoin Mining or, Bitcoin in the Presence of Adversaries},
  author={Kroll, Joshua A and Davey, Ian C and Felten, Edward W},
  year={2013},
  booktitle={Workshop on Economics in Information Security (WEIS)}
}


@incollection{lysyanskaya2006rationality,
  title={Rationality and adversarial behavior in multi-party computation},
  author={Lysyanskaya, Anna and Triandopoulos, Nikos},
  booktitle={Advances in Cryptology---CRYPTO 2006},
  pages={180--197},
  year={2006},
  publisher={Springer}
}

@article{puzzles,
  title={Cryptographic puzzles and {DoS} resilience, revisited},
  author={Groza, Bogdan and Warinschi, Bogdan},
  journal={Designs, Codes and Cryptography},
  year={2013},
  publisher={Springer}
}

@inproceedings{selfishmining,
  title={Majority is not enough: Bitcoin mining is vulnerable},
  author={Eyal, Ittay and Sirer, Emin G{\"u}n},
  booktitle={Financial Cryptography and Data Security},
  year={2014}
}

@inproceedings{rationalzikas,
  title={Rational protocol design: Cryptography against incentive-driven adversaries},
  author={Garay, Juan and Katz, Jonathan and Maurer, Ueli and Tackmann, Bjorn and Zikas, Vassilis},
  booktitle={54th IEEE Symposium on Foundations of Computer Science (FOCS)},
  pages={648--657},
  year={2013},
  organization={IEEE}
}

@article{interactiveconsistency,
  title={Reaching agreement in the presence of faults},
  author={Pease, Marshall and Shostak, Robert and Lamport, Leslie},
  journal={J. ACM},
  volume={27},
  number={2},
  pages={228--234},
  year={1980},
  publisher={ACM}
}

@article{generals,
  title={The {Byzantine} generals problem},
  author={Lamport, Leslie and Shostak, Robert and Pease, Marshall},
  journal={ACM Trans.\ Programming Languages and Systems (TOPLAS)},
  volume={4},
  number={3},
  pages={382--401},
  year={1982},
  publisher={ACM}
}

@inproceedings{certification,
  title={Universally composable signature, certification, and authentication},
  author={Canetti, Ran},
  booktitle={Computer Security Foundations Workshop, 2004. Proceedings. 17th IEEE},
  pages={219--233},
  year={2004},
  organization={IEEE}
}

@InProceedings{gmw,
  author =       "O. Goldreich and
                  S. Micali and
                  A. Wigderson",
  title =        "How to Play Any Mental Game, or a Completeness Theorem for
                  Protocols with Honest Majority",
  pages =        "218--229",
  booktitle =    stoc87name,
  publisher =    stocpub,
  year =         1987,
}

@inproceedings{bgw,
  title={Completeness theorems for non-cryptographic fault-tolerant distributed computation},
  author={Ben-Or, Michael and Goldwasser, Shafi and Wigderson, Avi},
  booktitle={20th Annual ACM Symposium on Theory of computing},
  pages={1--10},
  year={1988},
  organization={ACM}
}

@article{dolevstrong,
  title={Authenticated algorithms for {Byzantine} agreement},
  author={Dolev, Danny and Strong, H. Raymond},
  journal={SIAM Journal on Computing},
  volume={12},
  number={4},
  pages={656--666},
  year={1983},
  publisher={SIAM}
}

@InProceedings{uc2013,
  author =       "Ran Canetti",
  title =        "Universally Composable Security:
                  A New Paradigm for Cryptographic Protocols",
  pages =        "136--145",
  booktitle =    focs01name,
  publisher =    focspub,
  year =         2001,
  note =         {Full version at {\tt http://eprint.iacr.org/2000/067/}}
}

@techreport{impostors,
  title={Exposing computationally-challenged {Byzantine} impostors},
  author={Aspnes, James and Jackson, Collin and Krishnamurthy, Arvind},
  institution={Computer Science Dept., Yale University},
  year={2005}
}

@article{composition,
  title={Security and composition of multiparty cryptographic protocols},
  author={Canetti, Ran},
  journal={Journal of Cryptology},
  volume={13},
  number={1},
  pages={143--202},
  year={2000},
  publisher={Springer}
}

@misc{bitcoin,
  title={Bitcoin: A peer-to-peer electronic cash system},
  author={Nakamoto, Satoshi},
  year={2008},
  howpublished={\url{http://bitcoin.org/bitcoin.pdf}}
}

@inproceedings{homonymous,
  title={Byzantine agreement with homonyms},
  author={Delporte-Gallet, Carole and Fauconnier, Hugues and Guerraoui, Rachid and Kermarrec, Anne-Marie and Ruppert, Eric and others},
  booktitle={Proceedings of the 30th annual ACM SIGACT-SIGOPS symposium on Principles of distributed computing},
  pages={21--30},
  year={2011},
  organization={ACM}
}

@article{permacoin,
  title={Permacoin: Repurposing bitcoin work for long-term data preservation},
  author={Miller, A and Juels, A and Shi, E and Parno, B and Katz, J},
  journal={IEEE Security and Privacy},
  year={2014}
}

@misc{miller2014anonymous,
  title={Anonymous Byzantine Consensus from Moderately-Hard Puzzles: A Model for Bitcoin},
  author={Miller, Andrew and LaViola Jr, Joseph J},
  year={2014},
  publisher={Apr}
}

@InProceedings{EC:FGMV02,
  author =       "Matthias Fitzi and
                  Nicolas Gisin and
                  Ueli M. Maurer and
                  Oliver {von Rotz}",
  title =        "Unconditional {Byzantine} Agreement and
                  Multi-party Computation Secure against
                  Dishonest Minorities from Scratch",
  pages =        "482--501",
  booktitle =    eurocrypt02name,
  volume =       eurocrypt02vol,
  year =         2002,
  publisher =    eurocryptpub,
  series =       mylncs,
}

@InProceedings{PODC:FGHHS02,
  author =       "Matthias Fitzi and
                  Daniel Gottesman and
                  Martin Hirt and
                  Thomas Holenstein and
                  Adam Smith",
  title =        "Detectable {Byzantine} agreement
                  secure against faulty majorities",
  pages =        "118--126",
  booktitle =    podc02name,
  publisher =    podcpub,
  year =         2002,
}

@article{withoutagreement,
  title={Secure multi-party computation without agreement},
  author={Goldwasser, Shafi and Lindell, Yehuda},
  journal={Journal of Cryptology},
  volume={18},
  number={3},
  pages={247--287},
  year={2005},
  publisher={Springer}
}


@inproceedings{withoutauthentication,
  title={Secure computation without authentication},
  author={Barak, Boaz and Canetti, Ran and Lindell, Yehuda and Pass, Rafael and Rabin, Tal},
  booktitle={Advances in Cryptology---CRYPTO 2005},
  pages={361--377},
  year={2005},
  organization={Springer}
}

@inproceedings{constantinople,
  title={Random oracles in {Constantipole}: Practical asynchronous {Byzantine} agreement using cryptography},
  author={Cachin, Christian and Kursawe, Klaus and Shoup, Victor},
  booktitle={Proceedings of the nineteenth annual ACM symposium on Principles of distributed computing},
  pages={123--132},
  year={2000},
  organization={ACM}
}

@inproceedings{mahmoody,
  title={Publicly verifiable proofs of sequential work},
  author={Mahmoody, Mohammad and Moran, Tal and Vadhan, Salil},
  booktitle={Proceedings of the 4th conference on Innovations in Theoretical Computer Science},
  pages={373--388},
  year={2013},
  organization={ACM}
}

@incollection{coelho,
  title={An (almost) constant-effort solution-verification proof-of-work protocol based on Merkle trees},
  author={Coelho, Fabien},
  booktitle={Progress in Cryptology--AFRICACRYPT 2008},
  pages={80--93},
  year={2008},
  publisher={Springer}
}
